@misc{A03_“系统能力培养大赛”MIPS指令系统规范_v1.01,
  author = {重庆大学},
  title = {“系统能力培养大赛”MIPS指令系统规范 v1.01},
  howpublished = {PDF文档},
  year = {2025}
}

@misc{指令及对应机器码_2018,
  author = {重庆大学},
  title = {指令及对应机器码},
  howpublished = {PDF文档},
  year = {2018}
}

@misc{原始数据通路图_2018,
  author = {重庆大学},
  title = {原始数据通路图},
  howpublished = {PDF文档},
  year = {2018}
}

@book{计算机组成与设计：硬件/软件接口（原书第五版）,
  author = {帕特森 and 亨尼斯},
  title = {计算机组成与设计：硬件/软件接口（原书第五版）},
  translator = {王党辉等},
  publisher = {机械工业出版社},
  address = {北京},
  year = {2015},
  month = {6}
}

@misc{CQU_CS_Hardware_Design,
  title = {重庆大学硬件综合设计},
  author = {Soorraw},
  howpublished = {\url{https://github.com/Soorraw/CQU-CS-Hardware-Design}}
}